% This file was created with JabRef 2.10b2.
% Encoding: UT-8

@incollection{bronski2016modulational,
  title={Modulational instability in equations of KdV type},
  author={Bronski, Jared C and Hur, Vera Mikyoung and Johnson, Mathew A},
  booktitle={New approaches to nonlinear waves},
  pages={83--133},
  year={2016},
  publisher={Springer}
}

@article{ono1975,
  title={Algebraic solitary waves in stratified fluids},
  author={Ono, Hiroaki},
  journal={Journal of the Physical Society of Japan},
  volume={39},
  number={4},
  pages={1082--1091},
  year={1975},
  publisher={The Physical Society of Japan}
}



